@manual{AMS:doc,
	title = {{User's Guide for the \texttt{amsmath} Package (Version~2.0)}},
	organization = {American Mathematical Society},
	note = {Materiały wewnętrzne organizacji American Mathematical Society, dostępne również w postaci źródłowej na stronie \url{http://www.ams.org}},
}

@book{RC:ttk,
	author = {Chwałowski, R.},
	title = {Typografia typowej książki},
	address = {Gliwice},
	publisher = {Helion},
	year = {2002},
	isbn = {83-7197-545-7},
}

@manual{doc:TeXLive,
	title = {Dokumentacja zebrana, dystrybucja \TeX{}Collection (\TeX{}Live $+$ CTAN), 2CDs\allowbreak$+$DVD},
	organization = {DANTE e.v., Lehmanns Fachbuchhandlund},
	edition = {9},
	year = {2003},
}

@book{AD:Lwpw,
	author = {Diller, A.},
	title = {\LaTeX{} wiersz po wierszu. Zasady i~techniki przetwarzania dokumentów},
	address = {Gliwice},
	publisher = {Helion},
	year = {2001},
	isbn = {83-7197-341-1},
	note = {tłum. Jan Jełowiecki},
}

@article{comp-sci,
	author = {Gajęcki, M.},
	title = {Automatyczna klasyfikacja rzeczowników do grup semantycznych na podstawie korpusu tekstów},
	journal = {Computer Science},
	year = {2004},
	volume = {5},
	pages = {27--40},
}

@book{latexCompanion,
	author = {Goossens, M. and Mittelbach, F. and Samarin, A.},
	title = {{The {\LaTeX} Companion}},
	address = {USA},
	publisher = {Addison-Wesley Publishing Company},
	year = {1994},
}

@book{latexGraphCompanion,
	author = {Goossens, M. and Rahtz, S. and Mittelbach, F.},
	title = {{The {\LaTeX} Graphics Companion}},
	address = {USA},
	publisher = {Addison-Wesley Publishing Company},
	year = {1997},
}

@book{BK:sw,
	author = {Kalisz, B. [oprac.]},
	title = {Słownik wydawcy},
	address = {Warszawa},
	publisher = {WNT},
	year = {1997},
	isbn = {83-204-2111-X},
}

@book{HK.PWD:aglatex,
	author = {Kopka, H. and Daly, P.\,W.},
	title = {{A Guide to \LaTeXe{} -- Document Preparation for Beginners and Advanced Users}},
	address = {Harlow, England},
	publisher = {Addison-Wesley Publishing Company},
	year = {1995},
}

@book{LL:latex1,
	author = {Lamport, L.},
	title = {\LaTeX{} -- A~Document Preparation System},
	address = {Menlo Park, California, USA},
	publisher = {Digital Equipment Corporation, Addison-Wesley Publishing Company, Inc.},
	year = {1985},
}

@book{LL:latex2,
	author = {Lamport, L.},
	title = {\LaTeX},
	address = {Kraków},
	publisher = {ŚCO Cyfronet},
	year = {1990},
	note = {(z~angielskiego przełożył Piotr Wyrostek)},
}

@book{LL:latex3,
	author = {Lamport, L.},
	title = {\LaTeX{} -- podręcznik i~przewodnik użytkownika},
	address = {Warszawa},
	publisher = {WNT},
	year = {2004},
	isbn = {83-204-2878-5},
	note = {(tłum. Marta Wolińska, Marcin Woliński)},
}

@unpublished{EPS:sapijaszko,
	author = {Sapijaszko, G.},
	title = {Grafika EPS w dokumentach \TeX-owych},
	note = {Dokument elektroniczny PDF, \url{http://www.sapijaszko.net/pedeefy.pdf}},
}

@book{AT:lpd,
	author = {Tomaszewski, A.},
	title = {Leksykon pism drukarskich},
	address = {Warszawa},
	publisher = {Wydawnictwo Krupski},
	year = {1996},
}

@book{JT:etjo,
	author = {Trzynadlowski, J.},
	title = {{Edytorstwo. Tekst, język, opracowanie}},
	address = {Warszawa},
	publisher = {WNT},
	year = {1983},
}

@book{UWND-AGH,
	author = {Wichur, A. and Barszczewska-Wojda, B.},
	title = {Zasady składu książek w~serii monografie},
	edition = {2},
	address = {Kraków},
	publisher = {Wyd. AGH},
	year = {2000},
}